<?xml version="1.0" encoding="UTF-8"?><collection xmlns="http://www.loc.gov/MARC21/slim"><record><leader>00454nam--2200169-i-4500</leader><controlfield tag="001">000012918</controlfield><controlfield tag="002">20161230</controlfield><controlfield tag="005">20170126000055</controlfield><controlfield tag="008">060222s1000------------r-----000-0-eng-d</controlfield><datafield ind1=" " ind2=" " tag="080"><subfield code="a">008.2:62(061.3)</subfield></datafield><datafield ind1=" " ind2=" " tag="245"><subfield code="a">Science and technology and future. Proceedings</subfield></datafield><datafield ind1=" " ind2=" " tag="260"><subfield code="a">New York</subfield><subfield code="b">K.G.Saur Munchen</subfield><subfield code="c">1979</subfield></datafield><datafield ind1=" " ind2=" " tag="300"><subfield code="a">768 p</subfield></datafield><datafield ind1=" " ind2=" " tag="490"><subfield code="a">World Future Studies Federation</subfield></datafield><datafield ind1=" " ind2=" " tag="700"><subfield code="a">Buchholz, Hans</subfield></datafield><datafield ind1=" " ind2=" " tag="852"><subfield code="a">46682</subfield></datafield><datafield ind1=" " ind2=" " tag="CAT"><subfield code="a">SYS</subfield><subfield code="c">20170126</subfield><subfield code="h">000055</subfield></datafield></record></collection>